<?xml version="1.0" encoding="UTF-8"?><marcxml:collection xmlns:marcxml="http://www.loc.gov/MARC21/slim">
  <marcxml:record>
    <marcxml:leader>00000nam  2200205Ia 4500</marcxml:leader>
    <marcxml:controlfield tag="001">34680206 </marcxml:controlfield>
    <marcxml:controlfield tag="003">OCoLC</marcxml:controlfield>
    <marcxml:controlfield tag="005">20060625113341.0</marcxml:controlfield>
    <marcxml:controlfield tag="008">960506t20001996pl            000 1 pol d</marcxml:controlfield>
    <marcxml:datafield tag="100" ind1="1" ind2=" ">
      <marcxml:subfield code="a">Sienkiewicz, Henryk,</marcxml:subfield>
      <marcxml:subfield code="d">1846-1916.</marcxml:subfield>
    </marcxml:datafield>
    <marcxml:datafield tag="091" ind1=" " ind2=" ">
      <marcxml:subfield code="p">POL</marcxml:subfield>
      <marcxml:subfield code="a">FIC</marcxml:subfield>
      <marcxml:subfield code="c">SIENKIEVICZ</marcxml:subfield>
    </marcxml:datafield>
    <marcxml:datafield tag="020" ind1=" " ind2=" ">
      <marcxml:subfield code="a">8370233686 (v. 1) :</marcxml:subfield>
      <marcxml:subfield code="c">$20.00</marcxml:subfield>
    </marcxml:datafield>
    <marcxml:datafield tag="020" ind1=" " ind2=" ">
      <marcxml:subfield code="a">8370233694 (v. 2) :</marcxml:subfield>
      <marcxml:subfield code="c">$20.00</marcxml:subfield>
    </marcxml:datafield>
    <marcxml:datafield tag="020" ind1=" " ind2=" ">
      <marcxml:subfield code="a">8370233708 (v. 3) :</marcxml:subfield>
      <marcxml:subfield code="c">$20.00</marcxml:subfield>
    </marcxml:datafield>
    <marcxml:datafield tag="260" ind1=" " ind2=" ">
      <marcxml:subfield code="a">Wrocław :</marcxml:subfield>
      <marcxml:subfield code="b">Wydawn. Dolnośląskie,</marcxml:subfield>
      <marcxml:subfield code="c">2000, c1996.</marcxml:subfield>
    </marcxml:datafield>
    <marcxml:datafield tag="300" ind1=" " ind2=" ">
      <marcxml:subfield code="a">3 v. ;</marcxml:subfield>
      <marcxml:subfield code="c">21 cm.</marcxml:subfield>
    </marcxml:datafield>
    <marcxml:datafield tag="245" ind1="1" ind2="0">
      <marcxml:subfield code="a">Potop /</marcxml:subfield>
      <marcxml:subfield code="c">Henryk Sienkiewicz.</marcxml:subfield>
    </marcxml:datafield>
    <marcxml:datafield tag="995" ind1=" " ind2=" ">
      <marcxml:subfield code="a">1101569</marcxml:subfield>
    </marcxml:datafield>
    <marcxml:datafield tag="040" ind1=" " ind2=" ">
      <marcxml:subfield code="d">UtOrBLW</marcxml:subfield>
    </marcxml:datafield>
    <marcxml:datafield tag="901" ind1=" " ind2=" ">
      <marcxml:subfield code="a">lub</marcxml:subfield>
    </marcxml:datafield>
    <marcxml:datafield tag="910" ind1=" " ind2=" ">
      <marcxml:subfield code="a">BL</marcxml:subfield>
    </marcxml:datafield>
    <marcxml:datafield tag="909" ind1=" " ind2=" ">
      <marcxml:subfield code="a">OCLC Holdings Update Project Exclusion 2022</marcxml:subfield>
    </marcxml:datafield>
  </marcxml:record>
</marcxml:collection>
